% This file was created with JabRef 2.9.2.
% Encoding: Cp1252

@STRING{Academic = {Academic Press}}

@STRING{ACMMathSoft = {{ACM} Transactions on Mathematical Software}}

@STRING{ACMPress = {{ACM} Press}}

@STRING{AdamHilger = {Adam Hilger}}

@STRING{AddisonWesley = {Addison-Wesley}}

@STRING{AllynBacon = {Allyn and Bacon}}

@STRING{AmerMathMonthly = {American Mathematical Monthly}}

@STRING{AmerSocio = {American Journal of Sociology}}

@STRING{AmerStatAssoc = {Journal of the American Statistical Association}}

@STRING{AMS = {American Mathematical Society}}

@STRING{AMSTrans = {American Mathematical Society Translations}}

@STRING{ApplMathComp = {Applied Mathematics and Computation}}

@STRING{Birkhauser = {Birkha{\"u}ser}}

@STRING{BIT = {{BIT}}}

@STRING{BritStatPsych = {British Journal of Mathematical and Statistical Psychology}}

@STRING{BullAMS = {Bulletin of the American Mathematical Society}}

@STRING{CACM = {Communications of the {ACM}}}

@STRING{CambridgePress = {Cambridge University Press}}

@STRING{CanMathBull = {Canadian Mathematical Bulletin}}

@STRING{Chelsea = {Chelsea}}

@STRING{ClaredonPress = {Claredon Press}}

@STRING{CompApplMath = {Journal of Computational and Applied Mathematics}}

@STRING{CompJour = {The Computer Journal}}

@STRING{CompPhys = {Journal of Computational Physics}}

@STRING{CompServ = {Comput. Surveys}}

@STRING{CompStruct = {Computers and Structures}}

@STRING{CompSysSci = {Journal of Computer and System Sciences}}

@STRING{Computer = {{IEEE} Computer}}

@STRING{Computing = {Computing}}

@STRING{ContempMath = {Contemporary Mathematics}}

@STRING{Crelle = {Crelle's Journal}}

@STRING{DoverPub = {Dover Publications}}

@STRING{Eyolles = {Eyolles}}

@STRING{GiornaleMath = {Giornale di Mathematiche}}

@STRING{HoltRinehartWinston = {Holt, Rinehart and Winston}}

@STRING{IEEESpec = {{IEEE} Spectrum}}

@STRING{IEEETransAC = {{IEEE} Transactions on Automatic Control}}

@STRING{IEEETransAeroElec = {{IEEE} Transactions on Aerospace and Electronic Systems}}

@STRING{IEEETransComp = {{IEEE} Transactions on Computers}}

@STRING{IMANumerAna = {{IMA} Journal of Numerical Analysis}}

@STRING{InfProcLet = {Information Processing Letters}}

@STRING{InstMathApp = {Journal of the Institute of Mathematics and its Applications}}

@STRING{IntControl = {International Journal of Control}}

@STRING{Interscience = {Interscience}}

@STRING{IntNumerEng = {International Journal for Numerical Methods in Engineering}}

@STRING{IntSuper = {International Journal of Supercomputing Applications}}

@STRING{JACM = {J. ACM}}

@STRING{JohnsHopkinsPress = {The Johns Hopkins University Press}}

@STRING{JohnWileySons = {John Wiley and Sons}}

@STRING{JResNatBurStand = {Journal of Research of the National Bureau of Standards}}

@STRING{JSIAM = {Journal of the Society for Industrial and Applied Mathematics}}

@STRING{JSIAMB = {Journal of the Society for Industrial and Applied Mathematics, Series
	B, Numerical Analysis}}

@STRING{Kibernetika = {Kibernetika}}

@STRING{LinAlgApp = {Linear Algebra and its Applications}}

@STRING{Macmillan = {Macmillan}}

@STRING{MathAnaAppl = {Journal of Mathematical Analysis and Applications}}

@STRING{MathAnnalen = {Mathematische Annalen}}

@STRING{MathComp = {Mathematics of Computation}}

@STRING{MathPhys = {Journal of Mathematical Physics}}

@STRING{MathScand = {Mathematica Scandinavica}}

@STRING{MathWorks = {The Math Works Inc.}}

@STRING{McGrawHill = {McGraw-Hill}}

@STRING{NatBurStd = {National Bureau of Standards}}

@STRING{NorthHolland = {North-Holland}}

@STRING{NumerMath = {Numerische Mathematik}}

@STRING{OxfordPress = {Oxford University Press}}

@STRING{PacificMath = {Pacific Journal of Mathematics}}

@STRING{ParComputing = {Parallel Computing}}

@STRING{ParDistComp = {Journal of Parallel and Distributed Computing}}

@STRING{PergamonPress = {Pergamon Press}}

@STRING{PhilMag = {Philosophical Magazine}}

@STRING{PlenumPress = {Plenum Press}}

@STRING{PrenticeHall = {Prentice-Hall}}

@STRING{ProcAMS = {Proceedings of the American Mathematical Society}}

@STRING{ProcIEEE = {Proceedings of the {IEEE}}}

@STRING{ProcNAS = {Proceedings of the National Academy of Sciences of the USA}}

@STRING{Psychometrika = {Psychometrika}}

@STRING{QuartApplMath = {Quarterly of Applied Mathematics}}

@STRING{QuartMath = {Quarterly Journal of Mathematics, Oxford, Series (2)}}

@STRING{RevueInstStat = {Review of the International Statisical Institute}}

@STRING{SIAMAlgMeth = {{SIAM} Journal on Algebraic and Discrete Methods}}

@STRING{SIAMAppMath = {{SIAM} Journal on Applied Mathematics}}

@STRING{SIAMComp = {{SIAM} Journal on Computing}}

@STRING{SIAMMatrix = {{SIAM} Journal on Matrix Analysis and Applications}}

@STRING{SIAMNumAnal = {{SIAM} Journal on Numerical Analysis}}

@STRING{SIAMPub = {{SIAM} Publications}}

@STRING{SIAMReview = {{SIAM} Review}}

@STRING{SIAMSciStat = {{SIAM} Journal on Scientific and Statistical Computing}}

@STRING{SIGNUM = {{ACM} {SIGNUM} Newsletter}}

@STRING{SoftPracExp = {Software Practice and Experience}}

@STRING{Springer = {Springer-Verlag}}

@STRING{StatScience = {Statistical Science}}

@STRING{TablesAidsComp = {Mathematical Tables and Other Aids to Computation}}

@STRING{Techno = {Technometrics}}

@STRING{TexasPress = {University of Texas Press}}

@STRING{TransAMS = {Transactions of the American Mathematical Society}}

@STRING{USSRCompMathPhys = {{USSR} Computational Mathematics and Mathematical Physics}}

@STRING{VanNostrand = {Van Nostrand}}

@STRING{VLSICompSys = {Journal of {VLSI} and Computer Systems}}

@STRING{WHFreeman = {W. H. Freeman and Co.}}

@STRING{ZAngewMathMech = {Zeitschrift fur Angewandte Mathematik und Mechanik}}

@STRING{ZAngewMathPhys = {Zeitschrift fur Angewandte Mathematik und Physik}}

@ELECTRONIC{fire2017,
  author = {Information Retrival Society of India},
  month = {Dec},
  year = {2017},
  title = {Forum for Information Retrieval Evaluation},
  url = {https://sites.google.com/view/fire2017irled/track-description},
  owner = {kulkarni},
  timestamp = {2017.10.18}
}

@ELECTRONIC{word2vec,
  author = {McCormick, Chris},
  month = {Apr},
  year = {2016},
  title = {Word2Vec Tutorial - The Skip-Gram Model},
  url = {http://mccormickml.com/2016/04/19/word2vec-tutorial-the-skip-gram-model/},
  owner = {kulkarni},
  timestamp = {2017.10.18}
}

@ELECTRONIC{gensim,
  author = {Rehurek, Radim},
  month = {Sep},
  year = {2017},
  title = {Gensim: Topic Modeling for humans},
  url = {https://radimrehurek.com/gensim/},
  owner = {kulkarni},
  timestamp = {2017.10.18}
}

